@article{neyman1938contribution,
  title={Contribution to the theory of sampling human populations},
  author={Neyman, Jerzy},
  journal={Journal of the American Statistical Association},
  volume={33},
  number={201},
  pages={101--116},
  year={1938},
  publisher={Taylor \& Francis}
}


@article{neyman1934two,
  title={On the two different aspects of the representative method: the method of stratified sampling and the method of purposive selection},
  author={Neyman, Jerzy},
  journal={Journal of the Royal Statistical Society},
  volume={97},
  number={4},
  pages={558--625},
  year={1934}
}



@article{tao2017efficient,
  title={Efficient Semiparametric Inference Under Two-Phase Sampling, With Applications to Genetic Association Studies},
  author={Tao, Ran and Zeng, Donglin and Lin, Dan-Yu},
  journal={Journal of the American Statistical Association},
  volume={112},
  number={520},
  pages={1468--1476},
  year={2017},
  publisher={Taylor \& Francis}
}

@article{wright2012equivalence,
  title={The equivalence of Neyman optimum allocation for sampling and equal proportions for apportioning the US House of Representatives},
  author={Wright, Tommy},
  journal={The American Statistician},
  volume={66},
  number={4},
  pages={217--224},
  year={2012},
  publisher={Taylor \& Francis}
}

@article{lawless2018two,
  title={Two-phase outcome-dependent studies for failure times and testing for effects of expensive covariates},
  author={Lawless, JF},
  journal={Lifetime Data Analysis},
  volume={24},
  number={1},
  pages={28--44},
  year={2018},
  publisher={Springer}
}
@article{zhou2014semiparametric,
  title={Semiparametric inference for data with a continuous outcome from a two-phase probability-dependent sampling scheme},
  author={Zhou, Haibo and Xu, Wangli and Zeng, Donglin and Cai, Jianwen},
  journal={Journal of the Royal Statistical Society: Series B (Statistical Methodology)},
  volume={76},
  number={1},
  pages={197--215},
  year={2014},
  publisher={Wiley Online Library}
}
@article{ding2014estimating,
  title={Estimating effect of environmental contaminants on women's subfecundity for the MoBa study data with an outcome-dependent sampling scheme},
  author={Ding, Jieli and Zhou, Haibo and Liu, Yanyan and Cai, Jianwen and Longnecker, Matthew P},
  journal={Biostatistics},
  volume={15},
  number={4},
  pages={636--650},
  year={2014},
  publisher={Oxford University Press}
}
@article{lin2013quantitative,
  title={Quantitative trait analysis in sequencing studies under trait-dependent sampling},
  author={Lin, Dan-Yu and Zeng, Donglin and Tang, Zheng-Zheng},
  journal={Proceedings of the National Academy of Sciences},
  volume={110},
  number={30},
  pages={12247--12252},
  year={2013},
  publisher={National Acad Sciences}
}



@article{mcisaac2015adaptive,
  title={Adaptive sampling in two-phase designs: a biomarker study for progression in arthritis},
  author={McIsaac, Michael A and Cook, Richard J},
  journal={Statistics in Medicine},
  volume={34},
  number={21},
  pages={2899--2912},
  year={2015},
  publisher={Wiley Online Library}
}




@article{chatterjee2003pseudoscore,
  title={A pseudoscore estimator for regression problems with two-phase sampling},
  author={Chatterjee, Nilanjan and Chen, Yi-Hau and Breslow, Norman E},
  journal={Journal of the American Statistical Association},
  volume={98},
  number={461},
  pages={158--168},
  year={2003},
  publisher={Taylor \& Francis}
}


@book{lumley2011complex,
  title={Complex Surveys: A Guide to Analysis Using R},
  author={Lumley, Thomas},
  volume={565},
  year={2011},
  publisher={John Wiley \& Sons}
}



@article{white1982two,
	title={A two stage design for the study of the relationship between a rare exposure and a rare disease},
	author={White, J Emily},
	journal={American Journal of Epidemiology},
	volume={115},
	number={1},
	pages={119--128},
	year={1982},
	publisher={Oxford University Press}
}


@article{deville1992calibration,
  title={Calibration estimators in survey sampling},
  author={Deville, Jean-Claude and S{\"a}rndal, Carl-Erik},
  journal={Journal of the American Statistical Association},
  volume={87},
  number={418},
  pages={376--382},
  year={1992},
  publisher={Taylor \& Francis}
}


@article{reilly1995mean,
	title={A mean score method for missing and auxiliary covariate data in regression models},
	author={Reilly, Marie and Pepe, Margaret Sullivan},
	journal={Biometrika},
	volume={82},
	number={2},
	pages={299--314},
	year={1995},
	publisher={Oxford University Press}
}

@article{scott1997fitting,
	title={Fitting regression models to case-control data by maximum likelihood},
	author={Scott, Alastair J and Wild, Chris J},
	journal={Biometrika},
	volume={84},
	number={1},
	pages={57--71},
	year={1997},
	publisher={Oxford University Press}
}

@article{breslow1997maximum,
	title={Maximum likelihood estimation of logistic regression parameters under two-phase, outcome-dependent sampling},
	author={Breslow, Norman E and Holubkov, Richard},
	journal={Journal of the Royal Statistical Society: Series B (Statistical Methodology)},
	volume={59},
	number={2},
	pages={447--461},
	year={1997},
	publisher={Wiley Online Library}
}


@article{breslow1999design,
	title={Design and analysis of two-phase studies with binary outcome applied to Wilms tumour prognosis},
	author={Breslow, Norman E and Chatterjee, Nilanjan},
	journal={Journal of the Royal Statistical Society: Series C (Applied Statistics)},
	volume={48},
	number={4},
	pages={457--468},
	year={1999},
	publisher={Wiley Online Library}
}
@article{tao2019,
  title={Optimal Designs of Two-Phase Studies},
  author={Tao, Ran and Zeng, Donglin and Lin, Dan-Yu},
  journal={Journal of the American Statistical Association,},
  year={2019},
  volume={In press}
}

@article{breslow2009using,
	title={Using the whole cohort in the analysis of case-cohort data},
	author={Breslow, Norman E and Lumley, Thomas and Ballantyne, Christie M and Chambless, Lloyd E and Kulich, Michal},
	journal={American Journal of Epidemiology},
	volume={169},
	number={11},
	pages={1398--1405},
	year={2009},
	publisher={Oxford University Press}
}

@article{lumley2011connections,
	title={Connections between survey calibration estimators and semiparametric models for incomplete data},
	author={Lumley, Thomas and Shaw, Pamela A and Dai, James Y},
	journal={International Statistical Review},
	volume={79},
	number={2},
	pages={200--220},
	year={2011},
	publisher={Wiley Online Library}
}



@article{rivera2016using,
	title={Using the whole cohort in the analysis of countermatched samples},
	author={Rivera, C and Lumley, T},
	journal={Biometrics},
	volume={72},
	number={2},
	pages={382--391},
	year={2016},
	publisher={Wiley Online Library}
}


@article{chatterjee2016constrained,
	title={Constrained maximum likelihood estimation for model calibration using summary-level information from external big data sources},
	author={Chatterjee, Nilanjan and Chen, Yi-Hau and Maas, Paige and Carroll, Raymond J},
	journal={Journal of the American Statistical Association},
	volume={111},
	number={513},
	pages={107--117},
	year={2016},
	publisher={Taylor \& Francis}
}



@article{robins1994estimation,
  title={Estimation of regression coefficients when some regressors are not always observed},
  author={Robins, James M and Rotnitzky, Andrea and Zhao, Lue Ping},
  journal={Journal of the American Statistical Association},
  volume={89},
  number={427},
  pages={846--866},
  year={1994},
  publisher={Taylor \& Francis}
}

